@BOOK{Lamport-1994,
  author = {Leslie Lamport},
  title = {LaTeX: A Document Preparation System},
  edition = {2nd},
  year = {1994},
  publisher = {Addison-Wesley}
}

@MANUAL{Patashnik-1988,
	author = {Oren Patashnik},
	title = {{BibTeXing}},
	year = 1988,
	note = {On the web at http://mirrors.ctan.org/biblio/bibtex/base/btxdoc.pdf},
}

@MISC{Fleischmann-Pons-1989,
	author = {Martin Fleischmann and Stanely Pons},
	title = {Electrochemically Induced Nuclear Fusion in Deuterium},
	year=1989,
}
